@ARTICLE{BerlMcElTilb78, 
author={E. Berlekamp and R. McEliece and H. van Tilborg}, 
journal={IEEE Transactions on Information Theory}, 
title={On the inherent intractability of certain coding problems (Corresp.)}, 
year={1978}, 
volume={24}, 
number={3}, 
pages={384-386}, 
keywords={Decoding;Linear codes;Decoding;Equations;Estimation theory;Feedback;Gaussian channels;Linear code;Polynomials;Processor scheduling;Rate-distortion;Source coding}, 
doi={10.1109/TIT.1978.1055873}, 
ISSN={0018-9448}, 
month={May},}

@InProceedings{Levieil06,
author="Levieil, {\'E}ric
and Fouque, Pierre-Alain",
editor="De Prisco, Roberto
and Yung, Moti",
title="An Improved LPN Algorithm",
booktitle="Security and Cryptography for Networks",
year="2006",
publisher="Springer Berlin Heidelberg",
address="Berlin, Heidelberg",
pages="348--359",
}

@InProceedings{Lyubashevsky05,
author="Lyubashevsky, Vadim",
editor="Chekuri, Chandra
and Jansen, Klaus
and Rolim, Jos{\'e} D. P.
and Trevisan, Luca",
title="The Parity Problem in the Presence of Noise, Decoding Random Linear Codes, and the Subset Sum Problem",
booktitle="Approximation, Randomization and Combinatorial Optimization. Algorithms and Techniques",
year="2005",
publisher="Springer Berlin Heidelberg",
address="Berlin, Heidelberg",
pages="378--389",
}

@InProceedings{Jacques89,
author="Stern, Jacques",
editor="Cohen, G{\'e}rard
and Wolfmann, Jacques",
title="A method for finding codewords of small weight",
booktitle="Coding Theory and Applications",
year="1989",
publisher="Springer Berlin Heidelberg",
address="Berlin, Heidelberg",
pages="106--113",
isbn="978-3-540-46726-7"
}