@article{GraPol71,
  title={On the addressing problem for loop switching},
  author={Graham, Ronald L and Pollak, Henry O},
  journal={Bell System Technical Journal},
  volume={50},
  number={8},
  pages={2495--2519},
  year={1971},
  publisher={Wiley Online Library}
}


@article{KraRezWes88,
  title={Eigensharp graphs: Decomposition into complete bipartite subgraphs},
  author={Kratzke, Thomas and Reznick, Bruce and West, Douglas},
  journal={Transactions of the American Mathematical Society},
  volume={308},
  number={2},
  pages={637--653},
  year={1988}
}

@incollection{GraPol72,
  title={On embedding graphs in squashed cubes},
  author={Graham, Ronald L and Pollak, Henry O},
  booktitle={Graph theory and applications},
  pages={99--110},
  year={1972},
  publisher={Springer}
}

@article{Tverberg82,
  title={On the decomposition of Kn into complete bipartite graphs},
  author={Tverberg, Helge},
  journal={Journal of Graph Theory},
  volume={6},
  number={4},
  pages={493--494},
  year={1982},
  publisher={Wiley Online Library}
}

@article{Peck84,
  title={A new proof of a theorem of Graham and Pollak},
  author={Peck, GW},
  journal={Discrete mathematics},
  volume={49},
  number={3},
  pages={327--328},
  year={1984},
  publisher={Elsevier}
}

@article{Hoffman72,
  title={Eigenvalues and partitionings of the edges of a graph},
  author={Hoffman, AJ},
  journal={Linear Algebra and Its Applications},
  volume={5},
  number={2},
  pages={137--146},
  year={1972},
  publisher={Elsevier}
}

@article{CioTai13,
  title={Variations on a theme of Graham and Pollak},
  author={Cioab{\u{a}}, Sebastian M and Tait, Michael},
  journal={Discrete Mathematics},
  volume={313},
  number={5},
  pages={665--676},
  year={2013},
  publisher={Elsevier}
}

@article{Van85,
  title={$\{$0, 1,*$\}$ distance problems in combinatorics},
  author={Van Lint, JH},
  year={1985}
}

@article{Vishwanathan08,
  title={A polynomial space proof of the Graham--Pollak theorem},
  author={Vishwanathan, Sundar},
  journal={Journal of Combinatorial Theory, Series A},
  volume={115},
  number={4},
  pages={674--676},
  year={2008},
  publisher={Elsevier}
}

@article{Vishwanathan13,
  title={A counting proof of the Graham--Pollak Theorem},
  author={Vishwanathan, Sundar},
  journal={Discrete Mathematics},
  volume={313},
  number={6},
  pages={765--766},
  year={2013},
  publisher={Elsevier}
}

@article{HuaSud12,
  title={A counterexample to the Alon-Saks-Seymour conjecture and related problems},
  author={Huang, Hao and Sudakov, Benny},
  journal={Combinatorica},
  volume={32},
  number={2},
  pages={205--219},
  year={2012},
  publisher={Springer}
}

@article{CioTai11,
  title={More Counterexamples to the Alon-Saks-Seymour and Rank-Coloring Conjectures},
  author={Cioaba, Sebastian M and Tait, Michael},
  journal={the electronic journal of combinatorics},
  volume={18},
  number={P26},
  pages={1},
  year={2011}
}

@article{NisWig95,
  title={On rank vs. communication complexity},
  author={Nisan, Noam and Wigderson, Avi},
  journal={Combinatorica},
  volume={15},
  number={4},
  pages={557--565},
  year={1995},
  publisher={Springer}
}

@article{Razborov92,
  title={The gap between the chromatic number of a graph and the rank of its adjacency matrix is superlinear},
  author={Razborov, Alexander A},
  journal={Discrete mathematics},
  volume={108},
  number={1},
  pages={393--396},
  year={1992},
  publisher={Elsevier}
}

@article{YanYeh06,
  title={A simple proof of Graham and Pollak's theorem},
  author={Yan, Weigen and Yeh, Yeong-Nan},
  journal={Journal of Combinatorial Theory, Series A},
  volume={113},
  number={5},
  pages={892--893},
  year={2006},
  publisher={Elsevier}
}

@article{Turan41,
  title={On an extremal problem in graph theory},
  author={Tur{\'a}n, Paul},
  journal={Mat. Fiz. Lapok},
  volume={48},
  number={436-452},
  pages={137},
  year={1941}
}

@inproceedings{Turan54,
  title={On the theory of graphs},
  author={Tur{\'a}n, Paul},
  booktitle={Colloquium Mathematicae},
  volume={3},
  number={1},
  pages={19--30},
  year={1954},
  organization={Institute of Mathematics Polish Academy of Sciences}
}

@article{Zarankiewicz51, 
  title={Problem 101}, 
  author={Zarankiewicz, K.}, 
  journal={Colloquium Mathematicum}, 
  volume={2}, 
  pages={301}, 
  year={1951}, 
}

@inproceedings{KovSosTur54,
  title={On a problem of K. Zarankiewicz},
  author={Kov{\'a}ri, Tam{\'a}s and S{\'o}s, Vera and Tur{\'a}n, P{\'a}l},
  booktitle={Colloquium Mathematicae},
  volume={3},
  number={1},
  pages={50--57},
  year={1954},
  organization={Institute of Mathematics Polish Academy of Sciences}
}

@article{ErdRenSos66,
  title={On a Problem of Ggraph Theory},
  author={Erd{\H{o}}s, P and R{\'e}nyii, A and S{\'o}s, VT}, 
  year={1966}, 
}

@article{Brown66,
  title={On graphs that do not contain a Thomsen graph},
  author={Brown, William G},
  journal={Canad. Math. Bull},
  volume={9},
  number={2},
  pages={1--2},
  year={1966}
}

@article{Furedi96,
  title={An upper bound on Zarankiewicz'problem},
  author={F{\"u}redi, Zolt{\'a}n},
  journal={Combinatorics, Probability and Computing},
  volume={5},
  number={01},
  pages={29--33},
  year={1996},
  publisher={Cambridge Univ Press}
}

@article{AloRonSza99,
  title={Norm-graphs: variations and applications},
  author={Alon, Noga and R{\'o}nyai, Lajos and Szab{\'o}, Tibor},
  journal={Journal of Combinatorial Theory, Series B},
  volume={76},
  number={2},
  pages={280--290},
  year={1999},
  publisher={Elsevier}
}

@article{BalPep16,
  title={Forbidden subgraphs in the norm graph},
  author={Ball, Simeon and Pepe, Valentina},
  journal={Discrete Mathematics},
  volume={339},
  number={4},
  pages={1206--1211},
  year={2016},
  publisher={Elsevier}
}

@incollection{FurSim2013,
  title={The history of degenerate (bipartite) extremal graph problems},
  author={F{\"u}redi, Zolt{\'a}n and Simonovits, Mikl{\'o}s},
  booktitle={Erd{\H{o}}s Centennial},
  pages={169--264},
  year={2013},
  publisher={Springer}
}

@article{Erdos67,
  title={Some recent results on extremal problems in graph theory. Results},
  author={Erd{\H{o}}s, P},
  journal={Theory of Graphs (Internat. Sympos., Rome, 1966)},
  pages={117--123},
  year={1967},
  publisher={Gordon and Breach, New York}
}

@inproceedings{Erdos66,
  title={On some new inequalities concerning extremal properties of graphs},
  author={Erd{\H{o}}s, P},
  booktitle={Theory of Graphs (Proc. Colloq., Tihany, 1966)},
  pages={77--81},
  year={1966}
}

@inproceedings{Simonovits68,
  title={A method for solving extremal problems in graph theory, stability problems},
  author={Simonovits, Mikl{\'o}s},
  booktitle={Theory of Graphs (Proc. Colloq., Tihany, 1966)},
  pages={279--319},
  year={1968}
}

@incollection{Ramsey28,
  title={On a problem of formal logic},
  author={Ramsey, F. P.},
  booktitle={Proceedings of the London Mathematical Society},
  pages={338ï¿½384},
  year={1928},
}





















@book{BabFra92,
  title={Linear Algebra Methods in Combinatorics: With Applications to Geometry and Computer Science},
  author={Babai, L{\'a}szl{\'o} and Frankl, P{\'e}ter},
  year={1992},
  publisher={Department of Computer Science, univ. of Chicag}
}

@book{VanWil01,
  title={A course in combinatorics},
  author={van Lint, Jacobus Hendricus and Wilson, Richard Michael},
  year={2001},
  publisher={Cambridge university press}
}

@book{Kahn91,
  title={Recent results on some not-so-recent hypergraph matching and covering problems},
  author={Kahn, Jeff},
  year={1991},
  publisher={DIMACS, Center for Discrete Mathematics and Theoretical Computer Science}
}



@article{Bourgain99,
  title={On triples in arithmetic progression},
  author={Bourgain, Jean},
  journal={Geometric and Functional Analysis},
  volume={9},
  number={5},
  pages={968--984},
  year={1999},
  publisher={Springer}
}

@article{Bourgain08,
  title={Roth's theorem on progressions revisited},
  author={Bourgain, Jean},
  journal={Journal d'Analyse Math{\'e}matique},
  volume={104},
  number={1},
  pages={155--192},
  year={2008},
  publisher={Springer}
}

@article{Szemeredi90,
  title={Integer sets containing no arithmetic progressions},
  author={Szemer{\'e}di, Endre},
  journal={Acta Mathematica Hungarica},
  volume={56},
  number={1-2},
  pages={155--158},
  year={1990},
  publisher={Akad{\'e}miai Kiad{\'o}, co-published with Springer Science+ Business Media BV, Formerly Kluwer Academic Publishers BV}
}

@article{Heath87,
  title={Integer sets containing no arithmetic progressions},
  author={Heath-Brown, David Rodney},
  journal={J. London Math. Soc.(2)},
  volume={35},
  number={3},
  pages={385--394},
  year={1987}
}

@article{Roth53,
  title={On certain sets of integers},
  author={Roth, Klaus F},
  journal={Journal of the London Mathematical Society},
  volume={1},
  number={1},
  pages={104--109},
  year={1953},
  publisher={Oxford University Press}
}

@article{SalSpe42,
  title={On sets of integers which contain no three terms in arithmetical progression},
  author={Salem, Rapha{\"e}l and Spencer, Donald C},
  journal={Proceedings of the National Academy of Sciences},
  volume={28},
  number={12},
  pages={561--563},
  year={1942},
  publisher={National Acad Sciences}
}

@article{Behrend46,
  title={On sets of integers which contain no three terms in arithmetical progression},
  author={Behrend, Felix A},
  journal={Proceedings of the National Academy of Sciences},
  volume={32},
  number={12},
  pages={331--332},
  year={1946},
  publisher={National Acad Sciences}
}

@inproceedings{Elkin10,
  title={An improved construction of progression-free sets},
  author={Elkin, Michael},
  booktitle={Proceedings of the twenty-first annual ACM-SIAM symposium on Discrete Algorithms},
  pages={886--905},
  year={2010},
  organization={Society for Industrial and Applied Mathematics}
}

@article{Sanders11,
  title={On Roth's theorem on progressions},
  author={Sanders, Tom},
  journal={Annals of Mathematics},
  pages={619--636},
  year={2011},
  publisher={JSTOR}
}


@misc{Nathan,
 author = {Nathan McNew },
 title = {Avoiding Geometric Progressions in the Integers},
 howpublished = {Available at \url{https://math.dartmouth.edu/graduate-students/works/2013-14/McNew-GradPosterSession.pdf} (2017/02/05)} 
}


@article{FGV87,
title = "On subsets of abelian groups with no 3-term arithmetic progression",
journal = "Journal of Combinatorial Theory, Series A",
volume = "45",
number = "1",
pages = "157 - 161",
year = "1987",
note = "",
issn = "0097-3165",
doi = "http://dx.doi.org/10.1016/0097-3165(87)90053-7",
url = "http://www.sciencedirect.com/science/article/pii/0097316587900537",
author = "P Frankl and R.L Graham and V R{\"o}dl",
}

@Article{EFR86,
author="Erd{\"o}s, P.
and Frankl, P.
and R{\"o}dl, V.",
title="The asymptotic number of graphs not containing a fixed subgraph and a problem for hypergraphs having no exponent",
journal="Graphs and Combinatorics",
year="1986",
volume="2",
number="1",
pages="113--121",
abstract="LetH be a fixed graph of chromatic numberr. It is shown that the number of graphs onn vertices and not containingH as a subgraph is                                                                          {\$}{\$}2^{\{}({\backslash}begin{\{}array{\}}{\{}*{\{}20{\}}c{\}}   n  {\backslash}{\backslash}   2  {\backslash}{\backslash} {\backslash}end{\{}array{\}} )(1 - {\backslash}frac{\{}1{\}}{\{}{\{}r - 1{\}}{\}} + o(1)){\}} {\$}{\$}                . Leth                  r                (n) denote the maximum number of edges in anr-uniform hypergraph onn vertices and in which the union of any three edges has size greater than 3r â 3. It is shown thath                  r                (n) =o(n2) although for every fixedc < 2 one has limn{\textrightarrow}âh                  r                (n)/n                  c                 = â.",
issn="1435-5914",
doi="10.1007/BF01788085",
url="http://dx.doi.org/10.1007/BF01788085"
}

@article{RS78,
        author={Ruzsa,I. Z. and Szemer\'{e}di,E.},
        year={1978},
        title={Triple systems with no six points carrying three triangles},
        journal={Colloq.Math.Soc.JÃ¡nos Bolyai},
        volume={18},
        pages={939-945},
}




