% STOC

@proceedings{DBLP:conf/stoc/STOC14,
  editor    = {Harry R. Lewis and
               Barbara B. Simons and
               Walter A. Burkhard and
               Lawrence H. Landweber},
  title     = {Proceedings of the 14th Annual {ACM} Symposium on Theory of Computing,
               May 5-7, 1982, San Francisco, California, {USA}},
  publisher = {{ACM}},
  year      = {1982},
  url       = {http://dx.doi.org/10.1145/800070},
  doi       = {10.1145/800070},
  isbn      = {0-89791-067-2},
  timestamp = {Mon, 15 Jun 2015 19:00:08 +0200},
  biburl    = {http://dblp.uni-trier.de/rec/bib/conf/stoc/STOC14},
  bibsource = {dblp computer science bibliography, http://dblp.org}
}

@proceedings{DBLP:conf/stoc/STOC17,
  editor    = {Robert Sedgewick},
  title     = {Proceedings of the 17th Annual {ACM} Symposium on Theory of Computing,
               May 6-8, 1985, Providence, Rhode Island, {USA}},
  publisher = {{ACM}},
  year      = {1985},
  timestamp = {Mon, 17 Oct 2011 15:55:10 +0200},
  biburl    = {http://dblp.uni-trier.de/rec/bib/conf/stoc/STOC17},
  bibsource = {dblp computer science bibliography, http://dblp.org}
}

@proceedings{DBLP:conf/stoc/STOC18,
  editor    = {Juris Hartmanis},
  title     = {Proceedings of the 18th Annual {ACM} Symposium on Theory of Computing,
               May 28-30, 1986, Berkeley, California, {USA}},
  publisher = {{ACM}},
  year      = {1986},
  isbn      = {0-89791-193-8},
  timestamp = {Mon, 17 Oct 2011 15:55:10 +0200},
  biburl    = {http://dblp.uni-trier.de/rec/bib/conf/stoc/STOC18},
  bibsource = {dblp computer science bibliography, http://dblp.org}
}

@proceedings{DBLP:conf/stoc/STOC19,
  editor    = {Alfred V. Aho},
  title     = {Proceedings of the 19th Annual ACM Symposium on Theory of
               Computing, 1987, New York, New York, USA},
  booktitle = {STOC},
  publisher = {ACM},
  year      = {1987},
  isbn      = {0-89791-221-7},
  bibsource = {DBLP, http://dblp.uni-trier.de}
}

@proceedings{DBLP:conf/stoc/STOC21,
  editor    = {David S. Johnson},
  title     = {Proceedings of the Twenty-First Annual ACM Symposium on
               Theory of Computing, 15-17 May 1989, Seattle, Washington,
               USA},
  booktitle = {STOC},
  publisher = {ACM},
  year      = {1989},
  bibsource = {DBLP, http://dblp.uni-trier.de}
}

@proceedings{DBLP:conf/stoc/STOC22,
  editor    = {Harriet Ortiz},
  title     = {Proceedings of the 22nd Annual ACM Symposium on Theory of
               Computing, May 13-17, 1990, Baltimore, Maryland, USA},
  booktitle = {STOC},
  publisher = {ACM},
  year      = {1990},
  isbn      = {0-89791-361-2},
  bibsource = {DBLP, http://dblp.uni-trier.de}
}

@proceedings{DBLP:conf/stoc/STOC23,
  title     = {Proceedings of the Twenty Third Annual ACM Symposium on
               Theory of Computing, 6-8 May 1991, New Orleans, Louisiana,
               USA},
  booktitle = {STOC},
  publisher = {ACM},
  year      = {1991},
  bibsource = {DBLP, http://dblp.uni-trier.de}
}

@proceedings{DBLP:conf/stoc/2007,
  editor    = {David S. Johnson and
               Uriel Feige},
  title     = {Proceedings of the 39th Annual ACM Symposium on Theory of
               Computing, San Diego, California, USA, June 11-13, 2007},
  booktitle = {STOC},
  publisher = {ACM},
  year      = {2007},
  isbn      = {978-1-59593-631-8},
  bibsource = {DBLP, http://dblp.uni-trier.de}
}

@proceedings{DBLP:conf/stoc/2010,
  editor    = {Leonard J. Schulman},
  title     = {Proceedings of the 42nd ACM Symposium on Theory of Computing,
               STOC 2010, Cambridge, Massachusetts, USA, 5-8 June 2010},
  booktitle = {STOC},
  publisher = {ACM},
  year      = {2010},
  isbn      = {978-1-4503-0050-6},
  bibsource = {DBLP, http://dblp.uni-trier.de}
}

@proceedings{DBLP:conf/stoc/2011,
  editor    = {Lance Fortnow and
               Salil P. Vadhan},
  title     = {Proceedings of the 43rd ACM Symposium on Theory of Computing,
               STOC 2011, San Jose, CA, USA, 6-8 June 2011},
  booktitle = {STOC},
  publisher = {ACM},
  year      = {2011},
  isbn      = {978-1-4503-0691-1},
  bibsource = {DBLP, http://dblp.uni-trier.de}
}



%FOCS

@proceedings{DBLP:conf/focs/FOCS30,
  title     = {30th Annual Symposium on Foundations of Computer Science,
               30 October-1 November 1989, Research Triangle Park, North
               Carolina, USA},
  booktitle = {FOCS},
  publisher = {IEEE},
  year      = {1989},
  bibsource = {DBLP, http://dblp.uni-trier.de}
}

@proceedings{DBLP:conf/focs/2000,
  title     = {41st Annual Symposium on Foundations of Computer Science,
               FOCS 2000, 12-14 November 2000, Redondo Beach, California,
               USA},
  booktitle = {FOCS},
  publisher = {IEEE Computer Society},
  year      = {2000},
  isbn      = {0-7695-0850-2},
  bibsource = {DBLP, http://dblp.uni-trier.de}
}

@proceedings{DBLP:conf/focs/2001,
  title     = {42nd Annual Symposium on Foundations of Computer Science,
               FOCS 2001, 14-17 October 2001, Las Vegas, Nevada, USA},
  booktitle = {FOCS},
  publisher = {IEEE Computer Society},
  year      = {2001},
  isbn      = {0-7695-1390-5},
  bibsource = {DBLP, http://dblp.uni-trier.de}
}

@proceedings{DBLP:conf/focs/2007,
  title     = {48th Annual IEEE Symposium on Foundations of Computer Science
               (FOCS 2007), October 20-23, 2007, Providence, RI, USA, Proceedings},
  booktitle = {FOCS},
  publisher = {IEEE Computer Society},
  year      = {2007},
  bibsource = {DBLP, http://dblp.uni-trier.de}
}

@proceedings{DBLP:conf/focs/2008,
  title     = {49th Annual IEEE Symposium on Foundations of Computer Science,
               FOCS 2008, October 25-28, 2008, Philadelphia, PA, USA},
  booktitle = {FOCS},
  publisher = {IEEE Computer Society},
  year      = {2008},
  bibsource = {DBLP, http://dblp.uni-trier.de}
}

@proceedings{DBLP:conf/focs/2009,
  title     = {50th Annual IEEE Symposium on Foundations of Computer Science,
               FOCS 2009, October 25-27, 2009, Atlanta, Georgia, USA},
  booktitle = {FOCS},
  publisher = {IEEE Computer Society},
  year      = {2009},
  isbn      = {978-0-7695-3850-1},
  bibsource = {DBLP, http://dblp.uni-trier.de}
}

@proceedings{DBLP:conf/focs/2010,
  title     = {51th Annual IEEE Symposium on Foundations of Computer Science,
               FOCS 2010, October 23-26, 2010, Las Vegas, Nevada, USA},
  booktitle = {FOCS},
  publisher = {IEEE Computer Society},
  year      = {2010},
  isbn      = {978-0-7695-4244-7},
  bibsource = {DBLP, http://dblp.uni-trier.de}
}

@proceedings{DBLP:conf/focs/2012,
  title     = {53rd Annual IEEE Symposium on Foundations of Computer Science,
               FOCS 2012, New Brunswick, NJ, USA, October 20-23, 2012},
  booktitle = {FOCS},
  publisher = {IEEE Computer Society},
  year      = {2012},
  isbn      = {978-1-4673-4383-1},
  ee        = {http://ieeexplore.ieee.org/xpl/mostRecentIssue.jsp?punumber=6374356},
  bibsource = {DBLP, http://dblp.uni-trier.de}
}

% TCC

@proceedings{DBLP:conf/tcc/2004,
  editor    = {Moni Naor},
  title     = {Theory of Cryptography, First Theory of Cryptography Conference,
               TCC 2004, Cambridge, MA, USA, February 19-21, 2004, Proceedings},
  booktitle = {TCC},
  publisher = {Springer},
  series    = {Lecture Notes in Computer Science},
  volume    = {2951},
  year      = {2004},
  isbn      = {3-540-21000-8},
  bibsource = {DBLP, http://dblp.uni-trier.de}
}

@proceedings{DBLP:conf/tcc/2005,
  editor    = {Joe Kilian},
  title     = {Theory of Cryptography, Second Theory of Cryptography Conference,
               TCC 2005, Cambridge, MA, USA, February 10-12, 2005, Proceedings},
  booktitle = {TCC},
  publisher = {Springer},
  series    = {Lecture Notes in Computer Science},
  volume    = {3378},
  year      = {2005},
  isbn      = {3-540-24573-1},
  bibsource = {DBLP, http://dblp.uni-trier.de}
}

@proceedings{DBLP:conf/tcc/2006,
  editor    = {Shai Halevi and
               Tal Rabin},
  title     = {Theory of Cryptography, Third Theory of Cryptography Conference,
               TCC 2006, New York, NY, USA, March 4-7, 2006, Proceedings},
  booktitle = {TCC},
  publisher = {Springer},
  series    = {Lecture Notes in Computer Science},
  volume    = {3876},
  year      = {2006},
  isbn      = {3-540-32731-2},
  bibsource = {DBLP, http://dblp.uni-trier.de}
}

@proceedings{DBLP:conf/tcc/2009,
  editor    = {Omer Reingold},
  title     = {Theory of Cryptography, 6th Theory of Cryptography Conference,
               TCC 2009, San Francisco, CA, USA, March 15-17, 2009. Proceedings},
  booktitle = {TCC},
  publisher = {Springer},
  series    = {Lecture Notes in Computer Science},
  volume    = {5444},
  year      = {2009},
  isbn      = {978-3-642-00456-8},
  ee        = {http://dx.doi.org/10.1007/978-3-642-00457-5},
  bibsource = {DBLP, http://dblp.uni-trier.de}
}

@proceedings{DBLP:conf/tcc/2010,
  editor    = {Daniele Micciancio},
  title     = {Theory of Cryptography, 7th Theory of Cryptography Conference,
               TCC 2010, Zurich, Switzerland, February 9-11, 2010. Proceedings},
  booktitle = {TCC},
  publisher = {Springer},
  series    = {Lecture Notes in Computer Science},
  volume    = {5978},
  year      = {2010},
  isbn      = {978-3-642-11798-5},
  ee        = {http://dx.doi.org/10.1007/978-3-642-11799-2},
  bibsource = {DBLP, http://dblp.uni-trier.de}
}

@proceedings{DBLP:conf/tcc/2011,
  editor    = {Yuval Ishai},
  title     = {Theory of Cryptography - 8th Theory of Cryptography Conference,
               TCC 2011, Providence, RI, USA, March 28-30, 2011. Proceedings},
  booktitle = {TCC},
  publisher = {Springer},
  series    = {Lecture Notes in Computer Science},
  volume    = {6597},
  year      = {2011},
  isbn      = {978-3-642-19570-9},
  ee        = {http://dx.doi.org/10.1007/978-3-642-19571-6},
  bibsource = {DBLP, http://dblp.uni-trier.de}
}

@proceedings{DBLP:conf/tcc/2014,
  editor    = {Yehuda Lindell},
  title     = {Theory of Cryptography - 11th Theory of Cryptography Conference,
               TCC 2014, San Diego, CA, USA, February 24-26, 2014. Proceedings},
  booktitle = {TCC},
  publisher = {Springer},
  series    = {Lecture Notes in Computer Science},
  volume    = {8349},
  year      = {2014},
  isbn      = {978-3-642-54241-1},
  ee        = {http://dx.doi.org/10.1007/978-3-642-54242-8},
  bibsource = {DBLP, http://dblp.uni-trier.de}
}

@proceedings{DBLP:conf/tcc/2015-1,
  editor    = {Yevgeniy Dodis and
               Jesper Buus Nielsen},
  title     = {Theory of Cryptography - 12th Theory of Cryptography Conference, {TCC}
               2015, Warsaw, Poland, March 23-25, 2015, Proceedings, Part {I}},
  series    = {Lecture Notes in Computer Science},
  volume    = {9014},
  publisher = {Springer},
  year      = {2015},
  url       = {http://dx.doi.org/10.1007/978-3-662-46494-6},
  doi       = {10.1007/978-3-662-46494-6},
  isbn      = {978-3-662-46493-9},
  timestamp = {Tue, 10 Mar 2015 14:58:50 +0100},
  biburl    = {http://dblp.uni-trier.de/rec/bib/conf/tcc/2015-1},
  bibsource = {dblp computer science bibliography, http://dblp.org}
}



% CRYPTO

@proceedings{DBLP:conf/crypto/1986,
  editor    = {Andrew M. Odlyzko},
  title     = {Advances in Cryptology - CRYPTO '86, Santa Barbara, California,
               USA, 1986, Proceedings},
  booktitle = {CRYPTO},
  publisher = {Springer},
  series    = {Lecture Notes in Computer Science},
  volume    = {263},
  year      = {1987},
  bibsource = {DBLP, http://dblp.uni-trier.de}
}

@proceedings{DBLP:conf/crypto/1991,
  editor    = {Joan Feigenbaum},
  title     = {Advances in Cryptology - CRYPTO '91, 11th Annual International
               Cryptology Conference, Santa Barbara, California, USA, August
               11-15, 1991, Proceedings},
  booktitle = {CRYPTO},
  publisher = {Springer},
  series    = {Lecture Notes in Computer Science},
  volume    = {576},
  year      = {1992},
  isbn      = {3-540-55188-3},
  bibsource = {DBLP, http://dblp.uni-trier.de}
}

@proceedings{DBLP:conf/crypto/2003,
  editor    = {Dan Boneh},
  title     = {Advances in Cryptology - CRYPTO 2003, 23rd Annual International
               Cryptology Conference, Santa Barbara, California, USA, August
               17-21, 2003, Proceedings},
  booktitle = {CRYPTO},
  publisher = {Springer},
  series    = {Lecture Notes in Computer Science},
  volume    = {2729},
  year      = {2003},
  isbn      = {3-540-40674-3},
  bibsource = {DBLP, http://dblp.uni-trier.de}
}

@proceedings{DBLP:conf/crypto/2004,
  editor    = {Matthew K. Franklin},
  title     = {Advances in Cryptology - CRYPTO 2004, 24th Annual International
               CryptologyConference, Santa Barbara, California, USA, August
               15-19, 2004, Proceedings},
  booktitle = {CRYPTO},
  publisher = {Springer},
  series    = {Lecture Notes in Computer Science},
  volume    = {3152},
  year      = {2004},
  isbn      = {3-540-22668-0},
  bibsource = {DBLP, http://dblp.uni-trier.de}
}

@proceedings{DBLP:conf/crypto/2006,
  editor    = {Cynthia Dwork},
  title     = {Advances in Cryptology - CRYPTO 2006, 26th Annual International
               Cryptology Conference, Santa Barbara, California, USA, August
               20-24, 2006, Proceedings},
  booktitle = {CRYPTO},
  publisher = {Springer},
  series    = {Lecture Notes in Computer Science},
  volume    = {4117},
  year      = {2006},
  isbn      = {3-540-37432-9},
  bibsource = {DBLP, http://dblp.uni-trier.de}
}

@proceedings{DBLP:conf/crypto/2007,
  editor    = {Alfred Menezes},
  title     = {Advances in Cryptology - CRYPTO 2007, 27th Annual International
               Cryptology Conference, Santa Barbara, CA, USA, August 19-23,
               2007, Proceedings},
  booktitle = {CRYPTO},
  publisher = {Springer},
  series    = {Lecture Notes in Computer Science},
  volume    = {4622},
  year      = {2007},
  isbn      = {978-3-540-74142-8},
  bibsource = {DBLP, http://dblp.uni-trier.de}
}

@proceedings{DBLP:conf/crypto/2008,
  editor    = {David Wagner},
  title     = {Advances in Cryptology - CRYPTO 2008, 28th Annual International
               Cryptology Conference, Santa Barbara, CA, USA, August 17-21,
               2008. Proceedings},
  booktitle = {CRYPTO},
  publisher = {Springer},
  series    = {Lecture Notes in Computer Science},
  volume    = {5157},
  year      = {2008},
  isbn      = {978-3-540-85173-8},
  bibsource = {DBLP, http://dblp.uni-trier.de}
}

@proceedings{DBLP:conf/crypto/2009,
  editor    = {Shai Halevi},
  title     = {Advances in Cryptology - CRYPTO 2009, 29th Annual International
               Cryptology Conference, Santa Barbara, CA, USA, August 16-20,
               2009. Proceedings},
  booktitle = {CRYPTO},
  publisher = {Springer},
  series    = {Lecture Notes in Computer Science},
  volume    = {5677},
  year      = {2009},
  isbn      = {978-3-642-03355-1},
  ee        = {http://dx.doi.org/10.1007/978-3-642-03356-8},
  bibsource = {DBLP, http://dblp.uni-trier.de}
}

@proceedings{DBLP:conf/crypto/2010,
  editor    = {Tal Rabin},
  title     = {Advances in Cryptology - CRYPTO 2010, 30th Annual Cryptology
               Conference, Santa Barbara, CA, USA, August 15-19, 2010.
               Proceedings},
  booktitle = {CRYPTO},
  publisher = {Springer},
  series    = {Lecture Notes in Computer Science},
  volume    = {6223},
  year      = {2010},
  isbn      = {978-3-642-14622-0},
  ee        = {http://dx.doi.org/10.1007/978-3-642-14623-7},
  bibsource = {DBLP, http://dblp.uni-trier.de}
}

@proceedings{DBLP:conf/crypto/2011,
  editor    = {Phillip Rogaway},
  title     = {Advances in Cryptology - CRYPTO 2011 - 31st Annual Cryptology
               Conference, Santa Barbara, CA, USA, August 14-18, 2011.
               Proceedings},
  booktitle = {CRYPTO},
  publisher = {Springer},
  series    = {Lecture Notes in Computer Science},
  volume    = {6841},
  year      = {2011},
  isbn      = {978-3-642-22791-2},
  ee        = {http://dx.doi.org/10.1007/978-3-642-22792-9},
  bibsource = {DBLP, http://dblp.uni-trier.de}
}

@proceedings{DBLP:conf/crypto/2012,
  editor    = {Reihaneh Safavi-Naini and
               Ran Canetti},
  title     = {Advances in Cryptology - CRYPTO 2012 - 32nd Annual Cryptology
               Conference, Santa Barbara, CA, USA, August 19-23, 2012.
               Proceedings},
  booktitle = {CRYPTO},
  publisher = {Springer},
  series    = {Lecture Notes in Computer Science},
  volume    = {7417},
  year      = {2012},
  isbn      = {978-3-642-32008-8},
  ee        = {http://dx.doi.org/10.1007/978-3-642-32009-5},
  bibsource = {DBLP, http://dblp.uni-trier.de}
}

@proceedings{DBLP:conf/crypto/2013-1,
  editor    = {Ran Canetti and
               Juan A. Garay},
  title     = {Advances in Cryptology - CRYPTO 2013 - 33rd Annual Cryptology
               Conference, Santa Barbara, CA, USA, August 18-22, 2013.
               Proceedings, Part I},
  booktitle = {CRYPTO (1)},
  publisher = {Springer},
  series    = {Lecture Notes in Computer Science},
  volume    = {8042},
  year      = {2013},
  isbn      = {978-3-642-40040-7},
  ee        = {http://dx.doi.org/10.1007/978-3-642-40041-4},
  bibsource = {DBLP, http://dblp.uni-trier.de}
}

@proceedings{DBLP:conf/crypto/2013-2,
  editor    = {Ran Canetti and
               Juan A. Garay},
  title     = {Advances in Cryptology - CRYPTO 2013 - 33rd Annual Cryptology
               Conference, Santa Barbara, CA, USA, August 18-22, 2013.
               Proceedings, Part II},
  booktitle = {CRYPTO (2)},
  publisher = {Springer},
  series    = {Lecture Notes in Computer Science},
  volume    = {8043},
  year      = {2013},
  isbn      = {978-3-642-40083-4},
  ee        = {http://dx.doi.org/10.1007/978-3-642-40084-1},
  bibsource = {DBLP, http://dblp.uni-trier.de}
}


% Eurocrypt

@proceedings{DBLP:conf/eurocrypt/2006,
  editor    = {Serge Vaudenay},
  title     = {Advances in Cryptology - EUROCRYPT 2006, 25th Annual International
               Conference on the Theory and Applications of Cryptographic
               Techniques, St. Petersburg, Russia, May 28 - June 1, 2006,
               Proceedings},
  booktitle = {EUROCRYPT},
  publisher = {Springer},
  series    = {Lecture Notes in Computer Science},
  volume    = {4004},
  year      = {2006},
  isbn      = {3-540-34546-9},
  bibsource = {DBLP, http://dblp.uni-trier.de}
}

@proceedings{DBLP:conf/eurocrypt/2008,
  editor    = {Nigel P. Smart},
  title     = {Advances in Cryptology - EUROCRYPT 2008, 27th Annual International
               Conference on the Theory and Applications of Cryptographic
               Techniques, Istanbul, Turkey, April 13-17, 2008. Proceedings},
  booktitle = {EUROCRYPT},
  publisher = {Springer},
  series    = {Lecture Notes in Computer Science},
  volume    = {4965},
  year      = {2008},
  isbn      = {978-3-540-78966-6},
  bibsource = {DBLP, http://dblp.uni-trier.de}
}

@proceedings{DBLP:conf/eurocrypt/2010,
  editor    = {Henri Gilbert},
  title     = {Advances in Cryptology - EUROCRYPT 2010, 29th Annual International
               Conference on the Theory and Applications of Cryptographic
               Techniques, French Riviera, May 30 - June 3, 2010. Proceedings},
  booktitle = {EUROCRYPT},
  publisher = {Springer},
  series    = {Lecture Notes in Computer Science},
  volume    = {6110},
  year      = {2010},
  isbn      = {978-3-642-13189-9},
  ee        = {http://dx.doi.org/10.1007/978-3-642-13190-5},
  bibsource = {DBLP, http://dblp.uni-trier.de}
}


% ICS

@proceedings{DBLP:conf/innovations/2010,
  editor    = {Andrew Chi-Chih Yao},
  title     = {Innovations in Computer Science - ICS 2010, Tsinghua University,
               Beijing, China, January 5-7, 2010. Proceedings},
  booktitle = {ICS},
  publisher = {Tsinghua University Press},
  year      = {2010},
  isbn      = {978-7-302-21752-7},
  bibsource = {DBLP, http://dblp.uni-trier.de}
}

@proceedings{DBLP:conf/innovations/2014,
  editor    = {Moni Naor},
  title     = {Innovations in Theoretical Computer Science, ITCS'14, Princeton,
               NJ, USA, January 12-14, 2014},
  booktitle = {ITCS},
  publisher = {ACM},
  year      = {2014},
  isbn      = {978-1-4503-2698-8},
  ee        = {http://dl.acm.org/citation.cfm?id=2554797},
  bibsource = {DBLP, http://dblp.uni-trier.de}
}



% Asiacrypt

@proceedings{DBLP:conf/asiacrypt/2011,
  editor    = {Dong Hoon Lee and
               Xiaoyun Wang},
  title     = {Advances in Cryptology - ASIACRYPT 2011 - 17th International
               Conference on the Theory and Application of Cryptology and
               Information Security, Seoul, South Korea, December 4-8,
               2011. Proceedings},
  booktitle = {ASIACRYPT},
  publisher = {Springer},
  series    = {Lecture Notes in Computer Science},
  volume    = {7073},
  year      = {2011},
  isbn      = {978-3-642-25384-3},
  ee        = {http://dx.doi.org/10.1007/978-3-642-25385-0},
  bibsource = {DBLP, http://dblp.uni-trier.de}
}

@proceedings{DBLP:conf/asiacrypt/2012,
  editor    = {Xiaoyun Wang and
               Kazue Sako},
  title     = {Advances in Cryptology - ASIACRYPT 2012 - 18th International
               Conference on the Theory and Application of Cryptology and
               Information Security, Beijing, China, December 2-6, 2012.
               Proceedings},
  booktitle = {ASIACRYPT},
  publisher = {Springer},
  series    = {Lecture Notes in Computer Science},
  volume    = {7658},
  year      = {2012},
  isbn      = {978-3-642-34960-7},
  ee        = {http://dx.doi.org/10.1007/978-3-642-34961-4},
  bibsource = {DBLP, http://dblp.uni-trier.de}
}

@proceedings{DBLP:conf/asiacrypt/2014,
  editor    = {Palash Sarkar and
               Tetsu Iwata},
  title     = {Advances in Cryptology - {ASIACRYPT} 2014 - 20th International Conference
               on the Theory and Application of Cryptology and Information Security,
               Kaoshiung, Taiwan, R.O.C., December 7-11, 2014, Proceedings, Part
               {II}},
  series    = {Lecture Notes in Computer Science},
  volume    = {8874},
  publisher = {Springer},
  year      = {2014},
  url       = {http://dx.doi.org/10.1007/978-3-662-45608-8},
  doi       = {10.1007/978-3-662-45608-8},
  isbn      = {978-3-662-45607-1},
  timestamp = {Mon, 10 Nov 2014 13:41:59 +0100},
  biburl    = {http://dblp.uni-trier.de/rec/bib/conf/asiacrypt/2014},
  bibsource = {dblp computer science bibliography, http://dblp.org}
}


% Others

@proceedings{DBLP:conf/stacs/1994,
  editor    = {Patrice Enjalbert and
               Ernst W. Mayr and
               Klaus W. Wagner},
  title     = {STACS 94, 11th Annual Symposium on Theoretical Aspects of
               Computer Science, Caen, France, February 24-26, 1994, Proceedings},
  booktitle = {STACS},
  publisher = {Springer},
  series    = {Lecture Notes in Computer Science},
  volume    = {775},
  year      = {1994},
  isbn      = {3-540-57785-8},
  bibsource = {DBLP, http://dblp.uni-trier.de}
}

@proceedings{DBLP:conf/icalp/2002,
  editor    = {Peter Widmayer and
               Francisco Triguero Ruiz and
               Rafael Morales Bueno and
               Matthew Hennessy and
               Stephan Eidenbenz and
               Ricardo Conejo},
  title     = {Automata, Languages and Programming, 29th International Colloquium,
               {ICALP} 2002, Malaga, Spain, July 8-13, 2002, Proceedings},
  series    = {Lecture Notes in Computer Science},
  volume    = {2380},
  publisher = {Springer},
  year      = {2002},
  isbn      = {3-540-43864-5},
  timestamp = {Tue, 03 Feb 2004 13:36:02 +0100},
  biburl    = {http://dblp.uni-trier.de/rec/bib/conf/icalp/2002},
  bibsource = {dblp computer science bibliography, http://dblp.org}
}

@proceedings{DBLP:conf/pods/2003,
  editor    = {Frank Neven and
               Catriel Beeri and
               Tova Milo},
  title     = {Proceedings of the Twenty-Second ACM SIGACT-SIGMOD-SIGART
               Symposium on Principles of Database Systems, June 9-12,
               2003, San Diego, CA, USA},
  publisher = {ACM},
  year      = {2003},
  isbn      = {1-58113-670-6},
  ee        = {http://dl.acm.org/citation.cfm?id=773153},
  bibsource = {DBLP, http://dblp.uni-trier.de}
}

@proceedings{DBLP:conf/icalp/2006-2,
  editor    = {Michele Bugliesi and
               Bart Preneel and
               Vladimiro Sassone and
               Ingo Wegener},
  title     = {Automata, Languages and Programming, 33rd International
               Colloquium, ICALP 2006, Venice, Italy, July 10-14, 2006,
               Proceedings, Part II},
  booktitle = {ICALP (2)},
  publisher = {Springer},
  series    = {Lecture Notes in Computer Science},
  volume    = {4052},
  year      = {2006},
  isbn      = {3-540-35907-9},
  bibsource = {DBLP, http://dblp.uni-trier.de}
}

@proceedings{DBLP:conf/icalp/2007,
  editor    = {Lars Arge and
               Christian Cachin and
               Tomasz Jurdzinski and
               Andrzej Tarlecki},
  title     = {Automata, Languages and Programming, 34th International
               Colloquium, ICALP 2007, Wroclaw, Poland, July 9-13, 2007,
               Proceedings},
  booktitle = {ICALP},
  publisher = {Springer},
  series    = {Lecture Notes in Computer Science},
  volume    = {4596},
  year      = {2007},
  isbn      = {978-3-540-73419-2},
  bibsource = {DBLP, http://dblp.uni-trier.de}
}

@proceedings{DBLP:conf/indocrypt/2012,
  editor    = {Steven D. Galbraith and
               Mridul Nandi},
  title     = {Progress in Cryptology - INDOCRYPT 2012, 13th International
               Conference on Cryptology in India, Kolkata, India, December
               9-12, 2012. Proceedings},
  booktitle = {INDOCRYPT},
  publisher = {Springer},
  series    = {Lecture Notes in Computer Science},
  volume    = {7668},
  year      = {2012},
  isbn      = {978-3-642-34930-0, 978-3-642-34931-7},
  ee        = {http://dx.doi.org/10.1007/978-3-642-34931-7},
  bibsource = {DBLP, http://dblp.uni-trier.de}
}

@proceedings{DBLP:conf/uss/2004,
  editor    = {Matt Blaze},
  title     = {Proceedings of the 13th {USENIX} Security Symposium, August 9-13,
               2004, San Diego, CA, {USA}},
  publisher = {{USENIX}},
  year      = {2004},
  url       = {https://www.usenix.org/publications/proceedings/?f[0]=im_group_audience%3A173},
  timestamp = {Wed, 14 May 2014 19:33:31 +0200},
  biburl    = {http://dblp.uni-trier.de/rec/bib/conf/uss/2004},
  bibsource = {dblp computer science bibliography, http://dblp.org}
}

@proceedings{DBLP:conf/isit/2010,
  title     = {{IEEE} International Symposium on Information Theory, {ISIT} 2010,
               June 13-18, 2010, Austin, Texas, USA, Proceedings},
  publisher = {{IEEE}},
  year      = {2010},
  url       = {http://ieeexplore.ieee.org/xpl/mostRecentIssue.jsp?punumber=5508195},
  timestamp = {Mon, 27 Feb 2012 21:07:37 +0100},
  biburl    = {http://dblp.uni-trier.de/rec/bib/conf/isit/2010},
  bibsource = {dblp computer science bibliography, http://dblp.org}
}

@proceedings{DBLP:conf/isit/2011,
  editor    = {Alexander Kuleshov and
               Vladimir Blinovsky and
               Anthony Ephremides},
  title     = {2011 {IEEE} International Symposium on Information Theory Proceedings,
               {ISIT} 2011, St. Petersburg, Russia, July 31 - August 5, 2011},
  publisher = {{IEEE}},
  year      = {2011},
  url       = {http://ieeexplore.ieee.org/xpl/mostRecentIssue.jsp?punumber=6026198},
  isbn      = {978-1-4577-0596-0},
  timestamp = {Tue, 17 Apr 2012 09:35:46 +0200},
  biburl    = {http://dblp.uni-trier.de/rec/bib/conf/isit/2011},
  bibsource = {dblp computer science bibliography, http://dblp.org}
}

@proceedings{DBLP:conf/mmmacns/2001,
  editor    = {Vladimir I. Gorodetski and
               Victor A. Skormin and
               Leonard J. Popyack},
  title     = {Information Assurance in Computer Networks: Methods, Models, and Architectures
               for Network Security, International Workshop {MMM-ACNS} 2001, St.
               Petersburg, Russia, May 21-23, 2001, Proceedings},
  series    = {Lecture Notes in Computer Science},
  volume    = {2052},
  publisher = {Springer},
  year      = {2001},
  isbn      = {3-540-42103-3},
  timestamp = {Thu, 03 Jan 2002 12:06:14 +0100},
  biburl    = {http://dblp.uni-trier.de/rec/bib/conf/mmmacns/2001},
  bibsource = {dblp computer science bibliography, http://dblp.org}
}

@proceedings{DBLP:conf/random/2003,
  editor    = {Sanjeev Arora and
               Klaus Jansen and
               Jos{\'{e}} D. P. Rolim and
               Amit Sahai},
  title     = {Approximation, Randomization, and Combinatorial Optimization: Algorithms
               and Techniques, 6th International Workshop on Approximation Algorithms
               for Combinatorial Optimization Problems, {APPROX} 2003 and 7th International
               Workshop on Randomization and Approximation Techniques in Computer
               Science, {RANDOM} 2003, Princeton, NJ, USA, August 24-26, 2003, Proceedings},
  series    = {Lecture Notes in Computer Science},
  volume    = {2764},
  publisher = {Springer},
  year      = {2003},
  isbn      = {3-540-40770-7},
  timestamp = {Fri, 01 Jul 2011 12:15:17 +0200},
  biburl    = {http://dblp.uni-trier.de/rec/bib/conf/random/2003},
  bibsource = {dblp computer science bibliography, http://dblp.org}
}

@proceedings{DBLP:conf/isit/2014,
  title     = {2014 {IEEE} International Symposium on Information Theory, Honolulu,
               HI, USA, June 29 - July 4, 2014},
  publisher = {{IEEE}},
  year      = {2014},
  url       = {http://ieeexplore.ieee.org/xpl/mostRecentIssue.jsp?punumber=6867217},
  isbn      = {978-1-4799-5186-4},
  timestamp = {Thu, 15 Jan 2015 17:11:46 +0100},
  biburl    = {http://dblp.uni-trier.de/rec/bib/conf/isit/2014},
  bibsource = {dblp computer science bibliography, http://dblp.org}
}

@proceedings{DBLP:conf/coco/2006,
  title     = {21st Annual {IEEE} Conference on Computational Complexity {(CCC} 2006),
               16-20 July 2006, Prague, Czech Republic},
  publisher = {{IEEE} Computer Society},
  year      = {2006},
  isbn      = {0-7695-2596-2},
  timestamp = {Mon, 04 Sep 2006 14:52:21 +0200},
  biburl    = {http://dblp.uni-trier.de/rec/bib/conf/coco/2006},
  bibsource = {dblp computer science bibliography, http://dblp.org}
}

@proceedings{DBLP:conf/icits/2008,
  editor    = {Reihaneh Safavi{-}Naini},
  title     = {Information Theoretic Security, Third International Conference, {ICITS}
               2008, Calgary, Canada, August 10-13, 2008, Proceedings},
  series    = {Lecture Notes in Computer Science},
  volume    = {5155},
  publisher = {Springer},
  year      = {2008},
  isbn      = {978-3-540-85092-2},
  timestamp = {Wed, 27 Aug 2008 08:18:52 +0200},
  biburl    = {http://dblp.uni-trier.de/rec/bib/conf/icits/2008},
  bibsource = {dblp computer science bibliography, http://dblp.org}
}

@proceedings{DBLP:conf/coco/2009,
  title     = {Proceedings of the 24th Annual {IEEE} Conference on Computational
               Complexity, {CCC} 2009, Paris, France, 15-18 July 2009},
  publisher = {{IEEE} Computer Society},
  year      = {2009},
  isbn      = {978-0-7695-3717-7},
  timestamp = {Wed, 30 Dec 2009 14:34:33 +0100},
  biburl    = {http://dblp.uni-trier.de/rec/bib/conf/coco/2009},
  bibsource = {dblp computer science bibliography, http://dblp.org}
}

@proceedings{DBLP:conf/sofsem/2012,
  editor    = {M{\'{a}}ria Bielikov{\'{a}} and
               Gerhard Friedrich and
               Georg Gottlob and
               Stefan Katzenbeisser and
               Gy{\"{o}}rgy Tur{\'{a}}n},
  title     = {{SOFSEM} 2012: Theory and Practice of Computer Science - 38th Conference
               on Current Trends in Theory and Practice of Computer Science, {\v{S}}pindler{\r{u}}v
               Ml{\'{y}}n, Czech Republic, January 21-27, 2012. Proceedings},
  series    = {Lecture Notes in Computer Science},
  volume    = {7147},
  publisher = {Springer},
  year      = {2012},
  url       = {http://dx.doi.org/10.1007/978-3-642-27660-6},
  doi       = {10.1007/978-3-642-27660-6},
  isbn      = {978-3-642-27659-0},
  timestamp = {Tue, 16 Dec 2014 17:33:05 +0100},
  biburl    = {http://dblp.uni-trier.de/rec/bib/conf/sofsem/2012},
  bibsource = {dblp computer science bibliography, http://dblp.org}
}

@proceedings{DBLP:conf/cns/2013,
  title     = {{IEEE} Conference on Communications and Network Security, {CNS} 2013,
               National Harbor, MD, USA, October 14-16, 2013},
  publisher = {{IEEE}},
  year      = {2013},
  url       = {http://ieeexplore.ieee.org/xpl/mostRecentIssue.jsp?punumber=6675898},
  timestamp = {Wed, 04 Feb 2015 14:41:15 +0100},
  biburl    = {http://dblp.uni-trier.de/rec/bib/conf/cns/2013},
  bibsource = {dblp computer science bibliography, http://dblp.org}
}

@proceedings{DBLP:conf/cans/2014,
  editor    = {Dimitris Gritzalis and
               Aggelos Kiayias and
               Ioannis G. Askoxylakis},
  title     = {Cryptology and Network Security - 13th International Conference, {CANS}
               2014, Heraklion, Crete, Greece, October 22-24, 2014. Proceedings},
  series    = {Lecture Notes in Computer Science},
  volume    = {8813},
  publisher = {Springer},
  year      = {2014},
  url       = {http://dx.doi.org/10.1007/978-3-319-12280-9},
  doi       = {10.1007/978-3-319-12280-9},
  isbn      = {978-3-319-12279-3},
  timestamp = {Fri, 17 Oct 2014 12:56:32 +0200},
  biburl    = {http://dblp.uni-trier.de/rec/bib/conf/cans/2014},
  bibsource = {dblp computer science bibliography, http://dblp.org}
}

@proceedings{DBLP:conf/coco/1995,
  title     = {Proceedings of the Tenth Annual Structure in Complexity Theory Conference,
               Minneapolis, Minnesota, USA, June 19-22, 1995},
  publisher = {{IEEE} Computer Society},
  year      = {1995},
  isbn      = {0-8186-7052-5},
  timestamp = {Tue, 22 Jan 2013 14:17:29 +0100},
  biburl    = {http://dblp.uni-trier.de/rec/bib/conf/coco/1995},
  bibsource = {dblp computer science bibliography, http://dblp.org}
}




