@INPROCEEDINGS{Massey95,
    author = {J. L. Massey},
    title = {Some Applications of Coding Theory in Cryptography},
    booktitle = {Codes and Ciphers: Cryptography and Coding IV},
    year = {1995},
    pages = {33--47}
}

@article{Cenk10,
  title={On multiplication in finite fields},
  author={Cenk, Murat and {\"O}zbudak, Ferruh},
  journal={Journal of Complexity},
  volume={26},
  number={2},
  pages={172--186},
  year={2010},
  publisher={Elsevier}
}

@article{Randriambololona12,
  title={Bilinear complexity of algebras and the Chudnovsky--Chudnovsky interpolation method},
  author={Randriambololona, Hugues},
  journal={Journal of Complexity},
  volume={28},
  number={4},
  pages={489--517},
  year={2012},
  publisher={Elsevier}
}

@article{ChuChu87,
  title={Algebraic complexities and algebraic curves over finite fields},
  author={Chudnovsky, David V and Chudnovsky, Gregory V},
  journal={Proceedings of the National Academy of Sciences},
  volume={84},
  number={7},
  pages={1739--1743},
  year={1987},
  publisher={National Acad Sciences}
}

@article{ISIT:CasCraXin14,
  title={Torsion limits and Riemann-Roch systems for function fields and applications},
  author={Cascudo, Ignacio and Cramer, Ronald and Xing, Chaoping},
  journal={IEEE Transactions on Information Theory},
  volume={60},
  number={7},
  pages={3871--3888},
  year={2014},
  publisher={IEEE}
}

@book{pless2011introduction,
  title={Introduction to the theory of error-correcting codes},
  author={Pless, Vera},
  volume={48},
  year={2011},
  publisher={John Wiley \& Sons}
}

@misc{EPRINT:BGMN18,
	author = {Alexander R. Block and Divya Gupta and Hemanta K. Maji and Hai H. Nguyen},
	title = {Secure Computation using Leaky Correlations (Asymptotically Optimal Constructions)},
	howpublished = {Cryptology ePrint Archive, Report 2018/372},
	year = {2018},
	note = {\url{https://eprint.iacr.org/2018/372}},
}

@Article{Shpilka2009,
	author="Shpilka, Amir",
	title="Constructions of Low-degree and Error-Correcting $\epsilon$-Biased Generators",
	journal="computational complexity",
	year="2009",
	month="Oct",
	day="27",
	volume="18",
	number="4",
	pages="495",
	issn="1420-8954",
	doi="10.1007/s00037-009-0281-5",
	url="https://doi.org/10.1007/s00037-009-0281-5"
}

@article{DBLP:journals/corr/Randriambololona13,
  author    = {Hugues Randriambololona},
  title     = {On products and powers of linear codes under componentwise multiplication},
  journal   = {CoRR},
  volume    = {abs/1312.0022},
  year      = {2013},
  url       = {http://arxiv.org/abs/1312.0022},
  archivePrefix = {arXiv},
  eprint    = {1312.0022},
  timestamp = {Mon, 13 Aug 2018 16:47:17 +0200},
  biburl    = {https://dblp.org/rec/bib/journals/corr/Randriambololona13},
  bibsource = {dblp computer science bibliography, https://dblp.org}
}


