@inproceedings{USENIX:MNPS04,
  author    = {Dahlia Malkhi and
               Noam Nisan and
               Benny Pinkas and
               Yaron Sella},
  title     = {Fairplay - Secure Two-Party Computation System},
  booktitle = {Proceedings of the 13th {USENIX} Security Symposium, August 9-13,
               2004, San Diego, CA, {USA}},
  pages     = {287--302},
  year      = {2004},
  crossref  = {DBLP:conf/uss/2004},
  url       = {http://www.usenix.org/publications/library/proceedings/sec04/tech/malkhi.html},
  timestamp = {Wed, 14 May 2014 19:33:31 +0200},
  biburl    = {http://dblp.uni-trier.de/rec/bib/conf/uss/MalkhiNPS04},
  bibsource = {dblp computer science bibliography, http://dblp.org}
}

@inproceedings{EC:MorSeg08,
  author    = {Tal Moran and
               Gil Segev},
  title     = {David and Goliath Commitments: {UC} Computation for Asymmetric Parties
               Using Tamper-Proof Hardware},
  booktitle = {Advances in Cryptology - {EUROCRYPT} 2008, 27th Annual International
               Conference on the Theory and Applications of Cryptographic Techniques,
               Istanbul, Turkey, April 13-17, 2008. Proceedings},
  pages     = {527--544},
  year      = {2008},
  crossref  = {DBLP:conf/eurocrypt/2008},
  url       = {http://dx.doi.org/10.1007/978-3-540-78967-3_30},
  doi       = {10.1007/978-3-540-78967-3_30},
  timestamp = {Tue, 15 Apr 2008 15:21:42 +0200},
  biburl    = {http://dblp.uni-trier.de/rec/bib/conf/eurocrypt/MoranS08},
  bibsource = {dblp computer science bibliography, http://dblp.org}
}

@inproceedings{ISIT:PraPra10,
  author    = {Vinod M. Prabhakaran and
               Manoj Prabhakaran},
  title     = {Assisted common information},
  booktitle = {{IEEE} International Symposium on Information Theory, {ISIT} 2010,
               June 13-18, 2010, Austin, Texas, USA, Proceedings},
  pages     = {2602--2606},
  year      = {2010},
  crossref  = {DBLP:conf/isit/2010},
  url       = {http://dx.doi.org/10.1109/ISIT.2010.5513743},
  doi       = {10.1109/ISIT.2010.5513743},
  timestamp = {Thu, 15 Jan 2015 17:11:46 +0100},
  biburl    = {http://dblp.uni-trier.de/rec/bib/conf/isit/PrabhakaranP10},
  bibsource = {dblp computer science bibliography, http://dblp.org}
}

@inproceedings{ISIT:PraPra11,
  author    = {Vinod M. Prabhakaran and
               Manoj Prabhakaran},
  title     = {Assisted common information: Further results},
  booktitle = {2011 {IEEE} International Symposium on Information Theory Proceedings,
               {ISIT} 2011, St. Petersburg, Russia, July 31 - August 5, 2011},
  pages     = {2861--2865},
  year      = {2011},
  crossref  = {DBLP:conf/isit/2011},
  url       = {http://dx.doi.org/10.1109/ISIT.2011.6034098},
  doi       = {10.1109/ISIT.2011.6034098},
  timestamp = {Tue, 17 Apr 2012 10:57:27 +0200},
  biburl    = {http://dblp.uni-trier.de/rec/bib/conf/isit/PrabhakaranP11},
  bibsource = {dblp computer science bibliography, http://dblp.org}
}

@inproceedings{KorMor01,
  author    = {Valeri Korjik and
               Kirill Morozov},
  title     = {Generalized Oblivious Transfer Protocols Based on Noisy Channels},
  booktitle = {Information Assurance in Computer Networks: Methods, Models, and Architectures
               for Network Security, International Workshop {MMM-ACNS} 2001, St.
               Petersburg, Russia, May 21-23, 2001, Proceedings},
  pages     = {219--229},
  year      = {2001},
  crossref  = {DBLP:conf/mmmacns/2001},
  url       = {http://dx.doi.org/10.1007/3-540-45116-1_22},
  doi       = {10.1007/3-540-45116-1_22},
  timestamp = {Tue, 28 Jun 2011 15:07:25 +0200},
  biburl    = {http://dblp.uni-trier.de/rec/bib/conf/mmmacns/KorjikM01},
  bibsource = {dblp computer science bibliography, http://dblp.org}
}

@inproceedings{ISIT:IMSW14,
  author    = {Yuval Ishai and
               Hemanta K. Maji and
               Amit Sahai and
               J{\"{u}}rg Wullschleger},
  title     = {Single-use ot combiners with near-optimal resilience},
  booktitle = {2014 {IEEE} International Symposium on Information Theory, Honolulu,
               HI, USA, June 29 - July 4, 2014},
  pages     = {1544--1548},
  year      = {2014},
  crossref  = {DBLP:conf/isit/2014},
  url       = {http://dx.doi.org/10.1109/ISIT.2014.6875092},
  doi       = {10.1109/ISIT.2014.6875092},
  timestamp = {Thu, 15 Jan 2015 17:11:46 +0100},
  biburl    = {http://dblp.uni-trier.de/rec/bib/conf/isit/IshaiMSW14},
  bibsource = {dblp computer science bibliography, http://dblp.org}
}

@inproceedings{ISTCS:IshKus97,
  author    = {Yuval Ishai and
               Eyal Kushilevitz},
  title     = {Private Simultaneous Messages Protocols with Applications},
  booktitle = {{ISTCS}},
  pages     = {174--184},
  year      = {1997},
  url       = {http://computer.org/proceedings/istcs/8037/80370174abs.htm},
  timestamp = {Thu, 03 Jan 2002 12:04:35 +0100},
  biburl    = {http://dblp.uni-trier.de/rec/bib/conf/istcs/IshaiK97},
  bibsource = {dblp computer science bibliography, http://dblp.org}
}

@inproceedings{COCO:Shaltiel06,
  author    = {Ronen Shaltiel},
  title     = {How to Get More Mileage from Randomness Extractors},
  booktitle = {21st Annual {IEEE} Conference on Computational Complexity {(CCC} 2006),
               16-20 July 2006, Prague, Czech Republic},
  pages     = {46--60},
  year      = {2006},
  crossref  = {DBLP:conf/coco/2006},
  url       = {http://doi.ieeecomputersociety.org/10.1109/CCC.2006.24},
  doi       = {10.1109/CCC.2006.24},
  timestamp = {Mon, 04 Sep 2006 14:52:21 +0200},
  biburl    = {http://dblp.uni-trier.de/rec/bib/conf/coco/Shaltiel06},
  bibsource = {dblp computer science bibliography, http://dblp.org}
}

@inproceedings{CNS:SafWan13,
  author    = {Reihaneh Safavi{-}Naini and
               Pengwei Wang},
  title     = {Efficient codes for Limited View adversarial channels},
  booktitle = {{IEEE} Conference on Communications and Network Security, {CNS} 2013,
               National Harbor, MD, USA, October 14-16, 2013},
  pages     = {215--223},
  year      = {2013},
  crossref  = {DBLP:conf/cns/2013},
  url       = {http://dx.doi.org/10.1109/CNS.2013.6682710},
  doi       = {10.1109/CNS.2013.6682710},
  timestamp = {Wed, 04 Feb 2015 14:52:18 +0100},
  biburl    = {http://dblp.uni-trier.de/rec/bib/conf/cns/Safavi-NainiW13},
  bibsource = {dblp computer science bibliography, http://dblp.org}
}

@inproceedings{STOC:Cleve86,
  author    = {Richard Cleve},
  title     = {Limits on the Security of Coin Flips when Half the Processors Are
               Faulty (Extended Abstract)},
  booktitle = {Proceedings of the 18th Annual {ACM} Symposium on Theory of Computing,
               May 28-30, 1986, Berkeley, California, {USA}},
  pages     = {364--369},
  year      = {1986},
  crossref  = {DBLP:conf/stoc/STOC18},
  url       = {http://doi.acm.org/10.1145/12130.12168},
  doi       = {10.1145/12130.12168},
  timestamp = {Mon, 17 Oct 2011 17:25:06 +0200},
  biburl    = {http://dblp.uni-trier.de/rec/bib/conf/stoc/Cleve86},
  bibsource = {dblp computer science bibliography, http://dblp.org}
}

@inproceedings{SOFSEM:Pietrzak12,
  author    = {Krzysztof Pietrzak},
  title     = {Cryptography from Learning Parity with Noise},
  booktitle = {{SOFSEM} 2012: Theory and Practice of Computer Science - 38th Conference
               on Current Trends in Theory and Practice of Computer Science, {\v{S}}pindler{\r{u}}v
               Ml{\'{y}}n, Czech Republic, January 21-27, 2012. Proceedings},
  pages     = {99--114},
  year      = {2012},
  crossref  = {DBLP:conf/sofsem/2012},
  url       = {http://dx.doi.org/10.1007/978-3-642-27660-6_9},
  doi       = {10.1007/978-3-642-27660-6_9},
  timestamp = {Tue, 16 Dec 2014 17:33:05 +0100},
  biburl    = {http://dblp.uni-trier.de/rec/bib/conf/sofsem/Pietrzak12},
  bibsource = {dblp computer science bibliography, http://dblp.org}
}

@inproceedings{STOC:GolMic82,
  author    = {Shafi Goldwasser and
               Silvio Micali},
  title     = {Probabilistic Encryption and How to Play Mental Poker Keeping Secret
               All Partial Information},
  booktitle = {Proceedings of the 14th Annual {ACM} Symposium on Theory of Computing,
               May 5-7, 1982, San Francisco, California, {USA}},
  pages     = {365--377},
  year      = {1982},
  crossref  = {DBLP:conf/stoc/STOC14},
  url       = {http://doi.acm.org/10.1145/800070.802212},
  doi       = {10.1145/800070.802212},
  timestamp = {Mon, 15 Jun 2015 19:00:08 +0200},
  biburl    = {http://dblp.uni-trier.de/rec/bib/conf/stoc/GoldwasserM82},
  bibsource = {dblp computer science bibliography, http://dblp.org}
}

@inproceedings{RANDOM:BarShaWig03,
  author    = {Boaz Barak and
               Ronen Shaltiel and
               Avi Wigderson},
  title     = {Computational Analogues of Entropy},
  booktitle = {Approximation, Randomization, and Combinatorial Optimization: Algorithms
               and Techniques, 6th International Workshop on Approximation Algorithms
               for Combinatorial Optimization Problems, {APPROX} 2003 and 7th International
               Workshop on Randomization and Approximation Techniques in Computer
               Science, {RANDOM} 2003, Princeton, NJ, USA, August 24-26, 2003, Proceedings},
  pages     = {200--215},
  year      = {2003},
  crossref  = {DBLP:conf/random/2003},
  url       = {http://dx.doi.org/10.1007/978-3-540-45198-3_18},
  doi       = {10.1007/978-3-540-45198-3_18},
  timestamp = {Tue, 05 Jul 2011 11:08:46 +0200},
  biburl    = {http://dblp.uni-trier.de/rec/bib/conf/random/BarakSW03},
  bibsource = {dblp computer science bibliography, http://dblp.org}
}

@inproceedings{coco:TreTulVad09,
  author    = {Luca Trevisan and
               Madhur Tulsiani and
               Salil P. Vadhan},
  title     = {Regularity, Boosting, and Efficiently Simulating Every High-Entropy
               Distribution},
  booktitle = {Proceedings of the 24th Annual {IEEE} Conference on Computational
               Complexity, {CCC} 2009, Paris, France, 15-18 July 2009},
  pages     = {126--136},
  year      = {2009},
  crossref  = {DBLP:conf/coco/2009},
  url       = {http://doi.ieeecomputersociety.org/10.1109/CCC.2009.41},
  doi       = {10.1109/CCC.2009.41},
  timestamp = {Wed, 30 Dec 2009 14:36:43 +0100},
  biburl    = {http://dblp.uni-trier.de/rec/bib/conf/coco/TrevisanTV09},
  bibsource = {dblp computer science bibliography, http://dblp.org}
}

@inproceedings{COCO:Impagliazzo95,
  author    = {Russell Impagliazzo},
  title     = {A Personal View of Average-Case Complexity},
  booktitle = {Proceedings of the Tenth Annual Structure in Complexity Theory Conference,
               Minneapolis, Minnesota, USA, June 19-22, 1995},
  pages     = {134--147},
  year      = {1995},
  crossref  = {DBLP:conf/coco/1995},
  url       = {http://doi.ieeecomputersociety.org/10.1109/SCT.1995.514853},
  doi       = {10.1109/SCT.1995.514853},
  timestamp = {Tue, 22 Jan 2013 14:17:29 +0100},
  biburl    = {http://dblp.uni-trier.de/rec/bib/conf/coco/Impagliazzo95},
  bibsource = {dblp computer science bibliography, http://dblp.org}
}

@inproceedings{NaoPinSum99,
  author    = {Moni Naor and
               Benny Pinkas and
               Reuban Sumner},
  title     = {Privacy preserving auctions and mechanism design},
  booktitle = {{EC}},
  pages     = {129--139},
  year      = {1999},
  url       = {http://doi.acm.org/10.1145/336992.337028},
  doi       = {10.1145/336992.337028},
  timestamp = {Mon, 24 Feb 2014 16:09:47 +0100},
  biburl    = {http://dblp.uni-trier.de/rec/bib/conf/sigecom/NaorPS99},
  bibsource = {dblp computer science bibliography, http://dblp.org}
}

@inproceedings{STOC:GolMicRac85,
  author    = {Shafi Goldwasser and
               Silvio Micali and
               Charles Rackoff},
  title     = {The Knowledge Complexity of Interactive Proof-Systems (Extended Abstract)},
  booktitle = {Proceedings of the 17th Annual {ACM} Symposium on Theory of Computing,
               May 6-8, 1985, Providence, Rhode Island, {USA}},
  pages     = {291--304},
  year      = {1985},
  crossref  = {DBLP:conf/stoc/STOC17},
  url       = {http://doi.acm.org/10.1145/22145.22178},
  doi       = {10.1145/22145.22178},
  timestamp = {Mon, 17 Oct 2011 17:25:06 +0200},
  biburl    = {http://dblp.uni-trier.de/rec/bib/conf/stoc/GoldwasserMR85},
  bibsource = {dblp computer science bibliography, http://dblp.org}
}

@article{DBLP:GoldreichWi97,
  author    = {Oded Goldreich and
               Avi Wigderson},
  title     = {Tiny families of functions with random properties: {A} quality-size
               trade-off for hashing},
  journal   = {Random Struct. Algorithms},
  volume    = {11},
  number    = {4},
  pages     = {315--343},
  year      = {1997},
  url       = {https://doi.org/10.1002/(SICI)1098-2418(199712)11:4<315::AID-RSA3>3.0.CO;2-1},
  doi       = {10.1002/(SICI)1098-2418(199712)11:4<315::AID-RSA3>3.0.CO;2-1},
  timestamp = {Fri, 26 May 2017 22:50:39 +0200},
  biburl    = {http://dblp.uni-trier.de/rec/bib/journals/rsa/GoldreichW97},
  bibsource = {dblp computer science bibliography, http://dblp.org}
}

@article{AlonRo94,
  title={Random Cayley graphs and expanders},
  author={Alon, Noga and Roichman, Yuval},
  journal={Random Structures \& Algorithms},
  volume={5},
  number={2},
  pages={271--284},
  year={1994},
  publisher={Wiley Online Library}
}
