@article{HastadImLeLu99,
  author    = {Johan H{\aa}stad and
               Russell Impagliazzo and
               Leonid A. Levin and
               Michael Luby},
  title     = {A Pseudorandom Generator from any One-way Function},
  journal   = {SIAM J. Comput.},
  volume    = {28},
  number    = {4},
  year      = {1999},
  pages     = {1364-1396},
  bibsource = {DBLP, http://dblp.uni-trier.de}
}

@article{GennaroGeKaTr05,
  author    = {Rosario Gennaro and
               Yael Gertner and
               Jonathan Katz and
               Luca Trevisan},
  title     = {Bounds on the Efficiency of Generic Cryptographic Constructions},
  journal   = {SIAM J. Comput.},
  volume    = {35},
  number    = {1},
  year      = {2005},
  pages     = {217-246},
  ee        = {http://epubs.siam.org/SICOMP/volume-35/art_44327.html},
  bibsource = {DBLP, http://dblp.uni-trier.de}
}

@article{KilianKuMiOs00,
  author    = {Joe Kilian and
               Eyal Kushilevitz and
               Silvio Micali and
               Rafail Ostrovsky},
  title     = {Reducibility and Completeness in Private Computations.},
  journal   = {SIAM J. Comput.},
  volume    = {29},
  number    = {4},
  year      = {2000},
  pages     = {1189-1208},
  bibsource = {DBLP, http://dblp.uni-trier.de}
}

@article{HaitnerNgOnReVa09,
  author    = {Iftach Haitner and
               Minh-Huyen Nguyen and
               Shien Jin Ong and
               Omer Reingold and
               Salil P. Vadhan},
  title     = {Statistically Hiding Commitments and Statistical Zero-Knowledge
               Arguments from Any One-Way Function},
  journal   = {SIAM J. Comput.},
  volume    = {39},
  number    = {3},
  year      = {2009},
  pages     = {1153-1218},
  ee        = {http://dx.doi.org/10.1137/080725404},
  bibsource = {DBLP, http://dblp.uni-trier.de}
}

@Article{GoldreichMiWi91,
  author =       "Oded Goldreich and Silvio Micali and Avi Wigderson",
  title =        "Proofs that Yield Nothing But Their Validity or All
                 Languages in {NP} Have Zero-Knowledge Proof Systems",
  journal =      jacm,
  volume =       "38",
  number =       "3",
  pages =        "691--729",
  month =        jul,
  year =         "1991",
  note = "Preliminary version in FOCS' 86.",
  prelimyear = "1986",
}

@Article{HaitnerOmZa13,
  title     =  "Limits on the usefulness of random oracles",
  author    =  "Iftach Haitner and Eran Omri and Hila Zarosim",
  journal   =  "Theory of Cryptography Conference (TCC, to appear)",
  year      =  "2013",
}

@Article{HaitnerOmZa12,
  title     =  "On the Power of Random Oracles",
  author    =  "Iftach Haitner and Eran Omri and Hila Zarosim",
  journal   =  "Electronic Colloquium on Computational Complexity (ECCC)",
  year      =  "2012",
  volume    =  "19",
  bibdate   =  "2012-11-14",
  bibsource =  "DBLP, http://dblp.uni-trier.de/db/journals/eccc/eccc19.html#HaitnerOZ12",
  pages     =  "129",
  URL       =  "http://eccc.hpi-web.de/report/2012/129",
}

@article{MahmoodyMaPr12,
  author    = {Mohammad Mahmoody and
               Hemanta K. Maji and
               Manoj Prabhakaran},
  title     = {Limits of Random Oracles in Secure Computation},
  journal   = {CoRR},
  volume    = {abs/1205.3554},
  year      = {2012},
  ee        = {http://arxiv.org/abs/1205.3554},
  bibsource = {DBLP, http://dblp.uni-trier.de}
}

@article{KatzKo05,
  author    = {Jonathan Katz and
               Chiu-Yuen Koo},
  title     = {On Constructing Universal One-Way Hash Functions from Arbitrary
               One-Way Functions},
  journal   = {IACR Cryptology ePrint Archive},
  volume    = {2005},
  year      = {2005},
  pages     = {328},
  ee        = {http://eprint.iacr.org/2005/328},
  bibsource = {DBLP, http://dblp.uni-trier.de}
}

@article{Dwork11,
  author    = {Cynthia Dwork},
  title     = {A firm foundation for private data analysis},
  journal   = {Commun. ACM},
  volume    = {54},
  number    = {1},
  year      = {2011},
  pages     = {86-95},
  ee        = {http://doi.acm.org/10.1145/1866739.1866758},
  bibsource = {DBLP, http://dblp.uni-trier.de}
}

@article{Chvatal79,
  title = "The tail of the hypergeometric distribution ",
  journal = "Discrete Mathematics ",
  volume = "25",
  number = "3",
  pages = "285 - 287",
  year = "1979",
  note = "",
  issn = "0012-365X",
  doi = "http://dx.doi.org/10.1016/0012-365X(79)90084-0",
  url = "http://www.sciencedirect.com/science/article/pii/0012365X79900840",
  author = "Vasek Chv{\'a}tal"
}

@article{FaustMuVeWi13,
  author    = {Sebastian Faust and
               Pratyay Mukherjee and
               Daniele Venturi and
               Daniel Wichs},
  title     = {Efficient Non-Malleable Codes and Key-Derivation for Poly-Size
               Tampering Circuits},
  journal   = {IACR Cryptology ePrint Archive. To appear Eurocrypt-2014.},
  volume    = {2013},
  year      = {2013},
  pages     = {702},
  ee        = {http://eprint.iacr.org/2013/702},
  bibsource = {DBLP, http://dblp.uni-trier.de}
}

@article{Canetti00,
  author    = {Ran Canetti},
  title     = {Security and Composition of Multiparty Cryptographic Protocols},
  journal   = {J. Cryptology},
  volume    = {13},
  number    = {1},
  year      = {2000},
  pages     = {143-202},
  ee        = {http://dx.doi.org/10.1007/s001459910006},
  bibsource = {DBLP, http://dblp.uni-trier.de}
}

@article{ShumAlKuStDe01,
  author    = {Kenneth W. Shum and
               Ilia Aleshnikov and
               P. Vijay Kumar and
               Henning Stichtenoth and
               Vinay Deolalikar},
  title     = {A low-complexity algorithm for the construction of algebraic-geometric
               codes better than the Gilbert-Varshamov bound},
  journal   = {IEEE Transactions on Information Theory},
  volume    = {47},
  number    = {6},
  year      = {2001},
  pages     = {2225-2241},
  ee        = {http://dx.doi.org/10.1109/18.945244},
  bibsource = {DBLP, http://dblp.uni-trier.de}
}

@article{OSullivan95,
  author    = {M. E. O'Sullivan},
  title     = {Decoding of codes defined by a single point on a curve},
  journal   = {IEEE Transactions on Information Theory},
  volume    = {41},
  number    = {6},
  year      = {1995},
  pages     = {1709-1719},
  ee        = {http://dx.doi.org/10.1109/18.476244},
  bibsource = {DBLP, http://dblp.uni-trier.de}
}

@article{FengRa93,
  author    = {Gui Liang Feng and
               Thammavarapu R. N. Rao},
  title     = {Decoding algebraic-geometric codes up to the designed minimum
               distance},
  journal   = {IEEE Transactions on Information Theory},
  volume    = {39},
  number    = {1},
  year      = {1993},
  pages     = {37-45},
  ee        = {http://dx.doi.org/10.1109/18.179340},
  bibsource = {DBLP, http://dblp.uni-trier.de}
}

@article{CanettiEvGo95,
  author    = {Ran Canetti and
               Guy Even and
               Oded Goldreich},
  title     = {Lower Bounds for Sampling Algorithms for Estimating the
               Average},
  journal   = {Inf. Process. Lett.},
  volume    = {53},
  number    = {1},
  year      = {1995},
  pages     = {17-25},
  ee        = {http://dx.doi.org/10.1016/0020-0190(94)00171-T},
  bibsource = {DBLP, http://dblp.uni-trier.de}
}

@article{Zuckerman97,
  author    = {David Zuckerman},
  title     = {Randomness-optimal oblivious sampling},
  journal   = {Random Struct. Algorithms},
  volume    = {11},
  number    = {4},
  year      = {1997},
  pages     = {345-367},
  ee        = {http://dx.doi.org/10.1002/(SICI)1098-2418(199712)11:4$<$345::AID-RSA4$>$3.0.CO;2-Z},
  bibsource = {DBLP, http://dblp.uni-trier.de}
}

@article{ChorGo89,
  author    = {Benny Chor and
               Oded Goldreich},
  title     = {On the power of two-point based sampling},
  journal   = {J. Complexity},
  volume    = {5},
  number    = {1},
  year      = {1989},
  pages     = {96-106},
  ee        = {http://dx.doi.org/10.1016/0885-064X(89)90015-0},
  bibsource = {DBLP, http://dblp.uni-trier.de}
}

@article{BellareGoGo93,
  author    = {Mihir Bellare and
               Oded Goldreich and
               Shafi Goldwasser},
  title     = {Randomness in Interactive Proofs},
  journal   = {Computational Complexity},
  volume    = {3},
  year      = {1993},
  pages     = {319-354},
  ee        = {http://dx.doi.org/10.1007/BF01275487},
  bibsource = {DBLP, http://dblp.uni-trier.de}
}

@article{Kahale95,
  author    = {Nabil Kahale},
  title     = {Eigenvalues and Expansion of Regular Graphs},
  journal   = {J. ACM},
  volume    = {42},
  number    = {5},
  year      = {1995},
  pages     = {1091-1106},
  ee        = {http://doi.acm.org/10.1145/210118.210136},
  bibsource = {DBLP, http://dblp.uni-trier.de}
}

@inproceedings{Beaver89,
  title     = "Perfect Privacy for Two-Party Protocols",
  author    = "Donald Beaver",
  booktitle = "Proceedings of DIMACS Workshop on Distributed Computing and Cryptography",
  editor    = "Joan Feigenbaum and Michael Merritt",
  volume    = "2",
  pages     = "65--77",
  year      = "1989",
  publisher = "American Mathematical Society",
}

@article{Wiesner83,
  author    = {Wiesner, Stephen},
  title     = {Conjugate coding},
  journal   = {SIGACT News},
  volume    = {15},
  issue     = {1},
  month     = {January},
  year      = {1983},
  issn      = {0163-5700},
  pages     = {78--88},
  numpages  = {11},
  url       = {http://doi.acm.org/10.1145/1008908.1008920},
  doi       = {http://doi.acm.org/10.1145/1008908.1008920},
  acmid     = {1008920},
  publisher = {ACM},
  address   = {New York, NY, USA},
} 

@article{EveGolLem85,
  author    = {Shimon Even and Oded Goldreich and Abraham Lempel},
  title     = {A randomized protocol for signing contracts},
  journal   = {Commun. ACM},
  volume    = {28},
  number    = {6},
  year      = {1985},
  issn      = {0001-0782},
  pages     = {637--647},
  doi       = {http://doi.acm.org/10.1145/3812.3818},
  publisher = {ACM Press},
  address   = {New York, NY, USA},
}

@article{Arikan09,
  author    = {Erdal Arikan},
  title     = {Channel polarization: a method for constructing capacity-achieving
               codes for symmetric binary-input memoryless channels},
  journal   = {{IEEE} Transactions on Information Theory},
  volume    = {55},
  number    = {7},
  pages     = {3051--3073},
  year      = {2009},
  url       = {http://dx.doi.org/10.1109/TIT.2009.2021379},
  doi       = {10.1109/TIT.2009.2021379},
  timestamp = {Fri, 17 Dec 2010 14:52:13 +0100},
  biburl    = {http://dblp.uni-trier.de/rec/bib/journals/tit/Arikan09},
  bibsource = {dblp computer science bibliography, http://dblp.org}
}

@article{BenBraRob88,
  author    = {Charles H. Bennett and
               Gilles Brassard and
               Jean{-}Marc Robert},
  title     = {Privacy Amplification by Public Discussion},
  journal   = {{SIAM} J. Comput.},
  volume    = {17},
  number    = {2},
  pages     = {210--229},
  year      = {1988},
  url       = {http://dx.doi.org/10.1137/0217014},
  doi       = {10.1137/0217014},
  timestamp = {Mon, 12 Sep 2011 16:10:09 +0200},
  biburl    = {http://dblp.uni-trier.de/rec/bib/journals/siamcomp/BennettBR88},
  bibsource = {dblp computer science bibliography, http://dblp.org}
}

@article{NisZuc96,
  author    = {Noam Nisan and
               David Zuckerman},
  title     = {Randomness is Linear in Space},
  journal   = {J. Comput. Syst. Sci.},
  volume    = {52},
  number    = {1},
  pages     = {43--52},
  year      = {1996},
  url       = {http://dx.doi.org/10.1006/jcss.1996.0004},
  doi       = {10.1006/jcss.1996.0004},
  timestamp = {Tue, 05 Jul 2011 11:11:04 +0200},
  biburl    = {http://dblp.uni-trier.de/rec/bib/journals/jcss/NisanZ96},
  bibsource = {dblp computer science bibliography, http://dblp.org}
}

@article{CKGS98,
  author    = {Benny Chor and
               Eyal Kushilevitz and
               Oded Goldreich and
               Madhu Sudan},
  title     = {Private Information Retrieval},
  journal   = {J. {ACM}},
  volume    = {45},
  number    = {6},
  pages     = {965--981},
  year      = {1998},
  url       = {http://doi.acm.org/10.1145/293347.293350},
  doi       = {10.1145/293347.293350},
  timestamp = {Thu, 20 Nov 2003 12:28:05 +0100},
  biburl    = {http://dblp.uni-trier.de/rec/bib/journals/jacm/ChorKGS98},
  bibsource = {dblp computer science bibliography, http://dblp.org}
}

@article{NisWig94,
  author    = {Noam Nisan and
               Avi Wigderson},
  title     = {Hardness vs Randomness},
  journal   = {J. Comput. Syst. Sci.},
  volume    = {49},
  number    = {2},
  pages     = {149--167},
  year      = {1994},
  url       = {http://dx.doi.org/10.1016/S0022-0000(05)80043-1},
  doi       = {10.1016/S0022-0000(05)80043-1},
  timestamp = {Tue, 05 Jul 2011 11:10:58 +0200},
  biburl    = {http://dblp.uni-trier.de/rec/bib/journals/jcss/NisanW94},
  bibsource = {dblp computer science bibliography, http://dblp.org}
}

@article{ArvKob01,
  author    = {Vikraman Arvind and
               Johannes K{\"{o}}bler},
  title     = {On pseudorandomness and resource-bounded measure},
  journal   = {Theor. Comput. Sci.},
  volume    = {255},
  number    = {1-2},
  pages     = {205--221},
  year      = {2001},
  url       = {http://dx.doi.org/10.1016/S0304-3975(99)00164-4},
  doi       = {10.1016/S0304-3975(99)00164-4},
  timestamp = {Wed, 19 Nov 2003 16:09:55 +0100},
  biburl    = {http://dblp.uni-trier.de/rec/bib/journals/tcs/ArvindK01},
  bibsource = {dblp computer science bibliography, http://dblp.org}
}

@article{KliMel02,
  author    = {Adam Klivans and
               Dieter van Melkebeek},
  title     = {Graph Nonisomorphism Has Subexponential Size Proofs Unless the Polynomial-Time
               Hierarchy Collapses},
  journal   = {{SIAM} J. Comput.},
  volume    = {31},
  number    = {5},
  pages     = {1501--1526},
  year      = {2002},
  url       = {http://dx.doi.org/10.1137/S0097539700389652},
  doi       = {10.1137/S0097539700389652},
  timestamp = {Mon, 12 Sep 2011 16:10:10 +0200},
  biburl    = {http://dblp.uni-trier.de/rec/bib/journals/siamcomp/KlivansM02},
  bibsource = {dblp computer science bibliography, http://dblp.org}
}

@article{GacKor73,
  title     = {Common information is far less than mutual information},
  author    = {G{\'a}cs, Peter and K{\"o}rner, J{\'a}nos},
  journal   = {Problems of Control and Information Theory},
  volume    = {2},
  number    = {2},
  pages     = {149--162},
  year      = {1973}
}

@article{Wyner75,
  author    = {Aaron D. Wyner},
  title     = {The common information of two dependent random variables},
  journal   = {{IEEE} Transactions on Information Theory},
  volume    = {21},
  number    = {2},
  pages     = {163--179},
  year      = {1975},
  url       = {http://dx.doi.org/10.1109/TIT.1975.1055346},
  doi       = {10.1109/TIT.1975.1055346},
  timestamp = {Thu, 12 Sep 2013 15:58:15 +0200},
  biburl    = {http://dblp.uni-trier.de/rec/bib/journals/tit/Wyner75},
  bibsource = {dblp computer science bibliography, http://dblp.org}
}

@article{Vadhan04,
  author    = {Salil P. Vadhan},
  title     = {Constructing Locally Computable Extractors and Cryptosystems in the
               Bounded-Storage Model},
  journal   = {J. Cryptology},
  volume    = {17},
  number    = {1},
  pages     = {43--77},
  year      = {2004},
  url       = {http://dx.doi.org/10.1007/s00145-003-0237-x},
  doi       = {10.1007/s00145-003-0237-x},
  timestamp = {Tue, 29 Jun 2004 10:58:31 +0200},
  biburl    = {http://dblp.uni-trier.de/rec/bib/journals/joc/Vadhan04},
  bibsource = {dblp computer science bibliography, http://dblp.org}
}

@article{AsmBla81,
author =       {C. A. Asmuth and G. R. Blakley},
title =        {An efficient algorithm for constructing a cryptosystem
               which is harder to break than two other cryptosystems},
journal =      {Comp.\ and Maths.\ with Appls.},
year =         1981,
volume =       7,
pages =        {447--450}
}

@article{Levin87,
  author    = {Leonid A. Levin},
  title     = {One-way functions and pseudorandom generators},
  journal   = {Combinatorica},
  volume    = {7},
  number    = {4},
  year      = {1987},
  pages     = {357-363},
  ee        = {http://dx.doi.org/10.1007/BF02579323},
  bibsource = {DBLP, http://dblp.uni-trier.de}
}

@article{MauMas93,
  author    = {Ueli M. Maurer and
               James L. Massey},
  title     = {Cascade Ciphers: The Importance of Being First},
  journal   = {J. Cryptology},
  volume    = {6},
  number    = {1},
  year      = {1993},
  pages     = {55-61},
  ee        = {http://dx.doi.org/10.1007/BF02620231},
  bibsource = {DBLP, http://dblp.uni-trier.de}
}

@article{DodisOsReSm08,
  author    = {Yevgeniy Dodis and
               Rafail Ostrovsky and
               Leonid Reyzin and
               Adam Smith},
  title     = {Fuzzy Extractors: How to Generate Strong Keys from Biometrics and
               Other Noisy Data},
  journal   = {{SIAM} J. Comput.},
  volume    = {38},
  number    = {1},
  pages     = {97--139},
  year      = {2008},
  url       = {http://dx.doi.org/10.1137/060651380},
  doi       = {10.1137/060651380},
  timestamp = {Fri, 20 Jun 2008 12:38:07 +0200},
  biburl    = {http://dblp.uni-trier.de/rec/bib/journals/siamcomp/DodisORS08},
  bibsource = {dblp computer science bibliography, http://dblp.org}
}

@article{NaorNa93,
  author    = {Joseph Naor and
               Moni Naor},
  title     = {Small-Bias Probability Spaces: Efficient Constructions and Applications},
  journal   = {{SIAM} J. Comput.},
  volume    = {22},
  number    = {4},
  pages     = {838--856},
  year      = {1993},
  url       = {http://dx.doi.org/10.1137/0222053},
  doi       = {10.1137/0222053},
  timestamp = {Mon, 12 Sep 2011 16:10:09 +0200},
  biburl    = {http://dblp.uni-trier.de/rec/bib/journals/siamcomp/NaorN93},
  bibsource = {dblp computer science bibliography, http://dblp.org}
}

@article{GHKL11,
  author    = {S. Dov Gordon and
               Carmit Hazay and
               Jonathan Katz and
               Yehuda Lindell},
  title     = {Complete Fairness in Secure Two-Party Computation},
  journal   = {J. {ACM}},
  volume    = {58},
  number    = {6},
  pages     = {24},
  year      = {2011},
  url       = {http://doi.acm.org/10.1145/2049697.2049698},
  doi       = {10.1145/2049697.2049698},
  timestamp = {Mon, 16 Jan 2012 13:04:41 +0100},
  biburl    = {http://dblp.uni-trier.de/rec/bib/journals/jacm/GordonHKL11},
  bibsource = {dblp computer science bibliography, http://dblp.org}
}

@article{HalKal12,
  author    = {Shai Halevi and
               Yael Tauman Kalai},
  title     = {Smooth Projective Hashing and Two-Message Oblivious Transfer},
  journal   = {J. Cryptology},
  volume    = {25},
  number    = {1},
  pages     = {158--193},
  year      = {2012},
  url       = {http://dx.doi.org/10.1007/s00145-010-9092-8},
  doi       = {10.1007/s00145-010-9092-8},
  timestamp = {Wed, 25 Jan 2012 15:11:11 +0100},
  biburl    = {http://dblp.uni-trier.de/rec/bib/journals/joc/HaleviK12},
  bibsource = {dblp computer science bibliography, http://dblp.org}
}

@article{Alekhnovich11,
  author    = {Michael Alekhnovich},
  title     = {More on Average Case vs Approximation Complexity},
  journal   = {Computational Complexity},
  volume    = {20},
  number    = {4},
  pages     = {755--786},
  year      = {2011},
  url       = {http://dx.doi.org/10.1007/s00037-011-0029-x},
  doi       = {10.1007/s00037-011-0029-x},
  timestamp = {Mon, 12 Mar 2012 08:54:09 +0100},
  biburl    = {http://dblp.uni-trier.de/rec/bib/journals/cc/Alekhnovich11a},
  bibsource = {dblp computer science bibliography, http://dblp.org}
}

@article{Applebaum13,
  author    = {Benny Applebaum},
  title     = {Pseudorandom Generators with Long Stretch and Low Locality from Random
               Local One-Way Functions},
  journal   = {{SIAM} J. Comput.},
  volume    = {42},
  number    = {5},
  pages     = {2008--2037},
  year      = {2013},
  url       = {http://dx.doi.org/10.1137/120884857},
  doi       = {10.1137/120884857},
  timestamp = {Fri, 13 Dec 2013 14:03:48 +0100},
  biburl    = {http://dblp.uni-trier.de/rec/bib/journals/siamcomp/Applebaum13},
  bibsource = {dblp computer science bibliography, http://dblp.org}
}

@article{DORS08,
  author    = {Yevgeniy Dodis and
               Rafail Ostrovsky and
               Leonid Reyzin and
               Adam Smith},
  title     = {Fuzzy Extractors: How to Generate Strong Keys from Biometrics and
               Other Noisy Data},
  journal   = {{SIAM} J. Comput.},
  volume    = {38},
  number    = {1},
  pages     = {97--139},
  year      = {2008},
  url       = {http://dx.doi.org/10.1137/060651380},
  doi       = {},
  timestamp = {Fri, 20 Jun 2008 12:38:07 +0200},
  biburl    = {http://dblp.uni-trier.de/rec/bib/journals/siamcomp/DodisORS08},
  bibsource = {dblp computer science bibliography, http://dblp.org}
}

@article{Renyi61, 
  author    = "Alfr\'{e}d R\'{e}nyi", 
  year      = "1961", 
  title     = "On measures of information and entropy", 
  pages     = "547--561", 
  journal   = "Proceedings of the fourth Berkeley Symposium on Mathematics, Statistics and Probability 1960", 
}

@article{KulLei51,
  author    = "Kullback, S. and Leibler, R. A.",
  doi       = "10.1214/aoms/1177729694",
  fjournal  = "The Annals of Mathematical Statistics",
  journal   = "Ann. Math. Statist.",
  month     = "03",
  number    = "1",
  pages     = "79--86",
  publisher = "The Institute of Mathematical Statistics",
  title     = "On Information and Sufficiency",
  url       = "http://dx.doi.org/10.1214/aoms/1177729694",
  volume    = "22",
  year      = "1951"
}

@article{GreTao08,
  title     = {The primes contain arbitrarily long arithmetic progressions},
  author    = {Ben Green and Terence Tao},
  journal   = {Annals of Mathematics},
  pages     = {481--547},
  year      = {2008},
  publisher = {JSTOR}
}

@incollection{Szemeredi78,
    AUTHOR = {Szemer{\'e}di, Endre},
     TITLE = {Regular partitions of graphs},
 BOOKTITLE = {Probl\`emes combinatoires et th\'eorie des graphes ({C}olloq.
              {I}nternat. {CNRS}, {U}niv. {O}rsay, {O}rsay, 1976)},
    SERIES = {Colloq. Internat. CNRS},
    VOLUME = {260},
     PAGES = {399--401},
 PUBLISHER = {CNRS, Paris},
      YEAR = {1978},
   MRCLASS = {05C35 (10L10)},
  MRNUMBER = {540024 (81i:05095)},
MRREVIEWER = {D. A. Klarner},
}

@ARTICLE{Shannon48, 
  author   = {Shannon, C.E.}, 
  journal  = {Bell System Technical Journal, The}, 
  title    = {A mathematical theory of communication}, 
  year     = {1948}, 
  volume   = {27}, 
  number   = {3}, 
  pages    = {379-423}, 
  doi      = {10.1002/j.1538-7305.1948.tb01338.x}, 
  ISSN     = {0005-8580}, 
  month    = {July},
}

@article{ChoIsh01,
  author    = {Benny Chor and
               Yuval Ishai},
  title     = {On Privacy and Partition Arguments},
  journal   = {Inf. Comput.},
  volume    = {167},
  number    = {1},
  pages     = {2--9},
  year      = {2001},
  url       = {http://dx.doi.org/10.1006/inco.2000.3013},
  doi       = {10.1006/inco.2000.3013},
  timestamp = {Wed, 06 Jul 2011 21:24:21 +0200},
  biburl    = {http://dblp.uni-trier.de/rec/bib/journals/iandc/ChorI01},
  bibsource = {dblp computer science bibliography, http://dblp.org}
}

@article{Dolev82,
  author    = {Danny Dolev},
  title     = {The Byzantine Generals Strike Again},
  journal   = {J. Algorithms},
  volume    = {3},
  number    = {1},
  pages     = {14--30},
  year      = {1982},
  url       = {http://dx.doi.org/10.1016/0196-6774(82)90004-9},
  doi       = {10.1016/0196-6774(82)90004-9},
  timestamp = {Fri, 01 Jul 2011 13:42:36 +0200},
  biburl    = {http://dblp.uni-trier.de/rec/bib/journals/jal/Dolev82},
  bibsource = {dblp computer science bibliography, http://dblp.org}
}

@article{ChoSha95,
  author    = {Benny Chor and
               Netta Shani},
  title     = {The Privacy of Dense Symmetric Functions},
  journal   = {Computational Complexity},
  volume    = {5},
  number    = {1},
  pages     = {43--59},
  year      = {1995},
  url       = {http://dx.doi.org/10.1007/BF01277955},
  doi       = {10.1007/BF01277955},
  timestamp = {Fri, 20 May 2011 14:39:29 +0200},
  biburl    = {http://dblp.uni-trier.de/rec/bib/journals/cc/ChorS95},
  bibsource = {dblp computer science bibliography, http://dblp.org}
}

@article{ChoGerKus94,
  author    = {Benny Chor and
               Mih{\'{a}}ly Ger{\'{e}}b{-}Graus and
               Eyal Kushilevitz},
  title     = {On the Structure of the Privacy Hierarchy},
  journal   = {J. Cryptology},
  volume    = {7},
  number    = {1},
  pages     = {53--60},
  year      = {1994},
  url       = {http://dx.doi.org/10.1007/BF00195209},
  doi       = {10.1007/BF00195209},
  timestamp = {Tue, 24 May 2011 14:18:02 +0200},
  biburl    = {http://dblp.uni-trier.de/rec/bib/journals/joc/ChorGK94},
  bibsource = {dblp computer science bibliography, http://dblp.org}
}

@article{Trevisan01,
  title={Extractors and pseudorandom generators},
  author={Trevisan, Luca},
  journal={Journal of the ACM},
  volume={48},
  number={4},
  pages={860--879},
  year={2001}
}

@article{GarciaSt96,
  author    = {Arnaldo Garcia and
               Henning Stichtenoth},
  title     = {On the Asymptotic Behaviour of Some Towers of Function Fields over Finite Fields},
  journal   = {Journal of Number Theory},
  volume    = {61}, 
  number    = {2}, 
  year      = {1996},
  pages     = {248-273},
  ee        = {doi:10.1006/jnth.1996.0147}
}

@inproceedings{Goppa81, 
  author    = {Valerii Denisovich Goppa}, 
  title     = {Codes on Algebraic Curves}, 
  booktitle = {Soviet Math. Dokl}, 
  year      = {1981}, 
  pages     = {170-172}, 
  bibsource = {self}
}






















